
@Article{	  Tibshirani2011,
  title		= {Regression {{Shrinkage}} and {{Selection}} via {{The
		  Lasso}}: {{A Retrospective}}},
  author	= {Tibshirani, Robert},
  year		= {2011},
  journal	= {Journal of the Royal Statistical Society Series B:
		  Statistical Methodology},
  volume	= {73},
  number	= {3},
  pages		= {273--282},
  issn		= {1369-7412},
  doi		= {10.1111/j.1467-9868.2011.00771.x},
  url		= {https://doi.org/10.1111/j.1467-9868.2011.00771.x}
}

@Misc{		  DeSilva2020,
  title		= {{{PySINDy}}: {{A Python}} Package for the {{Sparse
		  Identification}} of {{Nonlinear Dynamics}} from {{Data}}},
  author	= {{de Silva}, Brian M. and Champion, Kathleen and Quade,
		  Markus and Loiseau, Jean-Christophe and Kutz, J. Nathan and
		  Brunton, Steven L.},
  year		= {2020},
  number	= {arXiv:2004.08424},
  eprint	= {2004.08424},
  primaryclass	= {physics},
  publisher	= {arXiv},
  url		= {http://arxiv.org/abs/2004.08424},
  archiveprefix	= {arxiv},
  keywords	= {Mathematics - Dynamical Systems,Physics - Computational
		  Physics}
}

@Article{	  Kaptanoglu2022,
  title		= {{{PySINDy}}: {{A}} Comprehensive {{Python}} Package for
		  Robust Sparse System Identification},
  author	= {Kaptanoglu, Alan A. and {de Silva}, Brian M. and Fasel,
		  Urban and Kaheman, Kadierdan and Goldschmidt, Andy J. and
		  Callaham, Jared L. and Delahunt, Charles B. and Nicolaou,
		  Zachary G. and Champion, Kathleen and Loiseau,
		  Jean-Christophe and Kutz, J. Nathan and Brunton, Steven
		  L.},
  year		= {2022},
  journal	= {Journal of Open Source Software},
  volume	= {7},
  number	= {69},
  eprint	= {2111.08481},
  primaryclass	= {physics},
  pages		= {3994},
  issn		= {2475-9066},
  doi		= {10.21105/joss.03994},
  url		= {http://arxiv.org/abs/2111.08481},
  archiveprefix	= {arxiv},
  keywords	= {Computer Science - Machine Learning,Electrical Engineering
		  and Systems Science - Systems and Control,Physics - Fluid
		  Dynamics}
}

@TechReport{	  Nandi2021,
  title		= {Progress {{Towards Solving High Reynolds Number Reacting
		  Flows}} in {{SimNet}}},
  author	= {Nandi, Tarak and Hennigh, Oliver and Nabian, Mohammad and
		  Liu, Yong and Woo, Mino and Jordan, Terry and Shahnam,
		  Mehrdad and Syamlal, Madhava and Guenther, Chris and
		  VanEssendelft, Dirk},
  year		= {2021},
  institution	= {National Energy Technology Laboratory (NETL), Pittsburgh,
		  PA, Morgantown, WV {\dots}},
  url		= {https://www.osti.gov/servlets/purl/1846970}
}

@Misc{		  Sergeev2018,
  title		= {Horovod: Fast and Easy Distributed Deep Learning in
		  {{TensorFlow}}},
  author	= {Sergeev, Alexander and Del Balso, Mike},
  year		= {2018},
  number	= {arXiv:1802.05799},
  eprint	= {1802.05799},
  publisher	= {arXiv},
  doi		= {10.48550/arXiv.1802.05799},
  url		= {http://arxiv.org/abs/1802.05799},
  archiveprefix	= {arxiv},
  keywords	= {Computer Science - Machine Learning,Statistics - Machine
		  Learning}
}

@Article{	  Markidis2021,
  title		= {The {{Old}} and the {{New}}: {{Can Physics-Informed
		  Deep-Learning Replace Traditional Linear Solvers}}?},
  author	= {Markidis, Stefano},
  year		= {2021},
  journal	= {Frontiers in Big Data},
  volume	= {4},
  publisher	= {Frontiers},
  issn		= {2624-909X},
  doi		= {10.3389/fdata.2021.669097},
  url		= {https://www.frontiersin.org/articles/10.3389/fdata.2021.669097},
  langid	= {english},
  keywords	= {Computer Science - Distributed Parallel and Cluster
		  Computing,Deep-learning,Mathematics - Numerical
		  Analysis,Physics - Computational Physics,Physics-Informed
		  Deep-Learning,PINN,Poisson solvers,scientific computing}
}

@Article{	  Hornik1989,
  title		= {Multilayer Feedforward Networks Are Universal
		  Approximators},
  author	= {Hornik, Kurt and Stinchcombe, Maxwell and White, Halbert},
  year		= {1989},
  journal	= {Neural Networks},
  volume	= {2},
  number	= {5},
  pages		= {359--366},
  issn		= {0893-6080},
  doi		= {10.1016/0893-6080(89)90020-8},
  url		= {https://www.sciencedirect.com/science/article/pii/0893608089900208},
  keywords	= {Back-propagation networks,Feedforward networks,Mapping
		  networks,Network representation capability,Sigma-Pi
		  networks,Squashing functions,Stone-Weierstrass
		  Theorem,Universal approximation}
}

@InProceedings{	  Vladimirova2018,
  title		= {Bayesian Neural Networks Become Heavier-Tailed with
		  Depth},
  booktitle	= {{{NeurIPS}} 2018 - {{Thirty-second Conference}} on
		  {{Neural Information Processing Systems}}},
  author	= {Vladimirova, Mariia and Arbel, Julyan and Mesejo, Pablo},
  year		= {2018},
  pages		= {1--7},
  address	= {Montr{\'e}al, Canada},
  url		= {https://hal.science/hal-01950658}
}

@Article{	  Baydin2018,
  title		= {Automatic Differentiation in Machine Learning: A Survey},
  author	= {Baydin, Atilim Gunes and Pearlmutter, Barak A. and Radul,
		  Alexey Andreyevich and Siskind, Jeffrey Mark},
  year		= {2018},
  journal	= {Journal of machine learning research},
  volume	= {18},
  number	= {153},
  pages		= {1--43},
  url		= {https://www.jmlr.org/papers/v18/17-468.html}
}

@Article{	  Boninsegna2018,
  title		= {Sparse Learning of Stochastic Dynamical Equations},
  author	= {Boninsegna, Lorenzo and N{\"u}ske, Feliks and Clementi,
		  Cecilia},
  year		= {2018},
  journal	= {The Journal of Chemical Physics},
  volume	= {148},
  number	= {24},
  pages		= {241723},
  issn		= {0021-9606},
  doi		= {10.1063/1.5018409},
  url		= {https://doi.org/10.1063/1.5018409}
}

@Article{	  Billings2013,
  title		= {Nonlinear {{System Identification}}: {{NARMAX Methods}} in
		  the {{Time}}, {{Frequency}}, and {{Spatio-Temporal
		  Domains}}},
  author	= {Billings, Stephen},
  year		= {2013},
  journal	= {Nonlinear System Identification: NARMAX Methods in the
		  Time, Frequency, and Spatio-Temporal Domains},
  issn		= {9781119943594},
  doi		= {10.1002/9781118535561}
}

@Misc{		  Champion2019,
  title		= {A Unified Sparse Optimization Framework to Learn
		  Parsimonious Physics-Informed Models from Data},
  author	= {Champion, Kathleen and Zheng, Peng and Aravkin, Aleksandr
		  Y. and Brunton, Steven L. and Kutz, J. Nathan},
  year		= {2019},
  journal	= {arXiv.org},
  url		= {https://arxiv.org/abs/1906.10612v2},
  langid	= {english}
}

@Misc{		  Black2005,
  title		= {Greedy Algorithm},
  author	= {Black, Paul E.},
  year		= {2005},
  journal	= {Dictionary of Algorithms and Data Structures. U.S.
		  National Institute of Standards and Technology (NIST)},
  url		= {https://xlinux.nist.gov/dads//HTML/greedyalgo.html}
}

@Article{	  Brunton2016,
  title		= {Discovering Governing Equations from Data by Sparse
		  Identification of Nonlinear Dynamical Systems},
  author	= {Brunton, Steven L. and Proctor, Joshua L. and Kutz, J.
		  Nathan},
  year		= {2016},
  journal	= {Proceedings of the National Academy of Sciences},
  volume	= {113},
  number	= {15},
  pages		= {3932--3937},
  publisher	= {Proceedings of the National Academy of Sciences},
  doi		= {10.1073/pnas.1517384113},
  url		= {https://www.pnas.org/doi/10.1073/pnas.1517384113}
}

@Article{	  Kharazmi2021,
  title		= {hp-{VPINNs}: {Variational} {Physics}-{Informed} {Neural}
		  {Networks} {With} {Domain} {Decomposition}},
  volume	= {374},
  issn		= {00457825},
  shorttitle	= {hp-{VPINNs}},
  url		= {http://arxiv.org/abs/2003.05385},
  doi		= {10.1016/j.cma.2020.113547},
  urldate	= {2024-04-29},
  journal	= {Computer Methods in Applied Mechanics and Engineering},
  author	= {Kharazmi, Ehsan and Zhang, Zhongqiang and Karniadakis,
		  George Em},
  month		= feb,
  year		= {2021},
  note		= {arXiv:2003.05385 [cs, math]},
  keywords	= {Computer Science - Machine Learning, Computer Science -
		  Neural and Evolutionary Computing, Mathematics - Numerical
		  Analysis},
  pages		= {113547}
}

@Article{	  Sirignano2018,
  title		= {{DGM}: {A} deep learning algorithm for solving partial
		  differential equations},
  volume	= {375},
  copyright	= {DGM algorithm},
  issn		= {00219991},
  shorttitle	= {{DGM} algorithm},
  url		= {http://arxiv.org/abs/1708.07469},
  doi		= {10.1016/j.jcp.2018.08.029},
  language	= {en},
  urldate	= {2023-04-28},
  journal	= {Journal of Computational Physics},
  author	= {Sirignano, Justin and Spiliopoulos, Konstantinos},
  month		= dec,
  year		= {2018},
  keywords	= {Statistics - Machine Learning, Mathematics - Numerical
		  Analysis, Quantitative Finance - Computational Finance,
		  Quantitative Finance - Mathematical Finance},
  pages		= {1339--1364}
}

@Misc{		  E2017,
  title		= {The {Deep} {Ritz} method: {A} deep learning-based
		  numerical algorithm for solving variational problems},
  shorttitle	= {The {Deep} {Ritz} method},
  url		= {http://arxiv.org/abs/1710.00211},
  doi		= {10.48550/arXiv.1710.00211},
  urldate	= {2024-04-29},
  publisher	= {arXiv},
  author	= {E, Weinan and Yu, Bing},
  month		= sep,
  year		= {2017},
  note		= {arXiv:1710.00211 [cs, stat]},
  keywords	= {35Q68, Computer Science - Machine Learning, Statistics -
		  Machine Learning}
}

@Article{	  Zhu2019,
  title		= {Physics-constrained deep learning for high-dimensional
		  surrogate modeling and uncertainty quantification without
		  labeled data},
  volume	= {394},
  issn		= {0021-9991},
  url		= {https://www.sciencedirect.com/science/article/pii/S0021999119303559},
  doi		= {10.1016/j.jcp.2019.05.024},
  language	= {en},
  urldate	= {2023-06-28},
  journal	= {Journal of Computational Physics},
  author	= {Zhu, Yinhao and Zabaras, Nicholas and Koutsourelakis,
		  Phaedon-Stelios and Perdikaris, Paris},
  month		= oct,
  year		= {2019},
  keywords	= {Conditional generative model, Normalizing flow,
		  Physics-constrained, Reverse KL divergence, Surrogate
		  modeling, Uncertainty quantification},
  pages		= {56--81}
}

@Article{	  Sun2020,
  title		= {Surrogate modeling for fluid flows based on
		  physics-constrained deep learning without simulation data},
  volume	= {361},
  issn		= {00457825},
  url		= {https://linkinghub.elsevier.com/retrieve/pii/S004578251930622X},
  doi		= {10.1016/j.cma.2019.112732},
  language	= {en},
  urldate	= {2023-07-28},
  journal	= {Computer Methods in Applied Mechanics and Engineering},
  author	= {Sun, Luning and Gao, Han and Pan, Shaowu and Wang,
		  Jian-Xun},
  month		= apr,
  year		= {2020},
  pages		= {112732}
}

@Article{	  Liu2021,
  title		= {A {Dual}-{Dimer} {Method} for {Training}
		  {Physics}-{Constrained} {Neural} {Networks} with {Minimax}
		  {Architecture}},
  volume	= {136},
  issn		= {08936080},
  url		= {http://arxiv.org/abs/2005.00615},
  doi		= {10.1016/j.neunet.2020.12.028},
  urldate	= {2024-04-29},
  journal	= {Neural Networks},
  author	= {Liu, Dehao and Wang, Yan},
  month		= apr,
  year		= {2021},
  note		= {arXiv:2005.00615 [cs, stat]},
  keywords	= {Computer Science - Machine Learning, Statistics - Machine
		  Learning},
  pages		= {112--125}
}

@Article{	  Jagtap2020,
  title		= {Conservative physics-informed neural networks on discrete
		  domains for conservation laws: {Applications} to forward
		  and inverse problems},
  volume	= {365},
  shorttitle	= {Conservative physics-informed neural networks on discrete
		  domains for conservation laws},
  doi		= {10.1016/j.cma.2020.113028},
  journal	= {Computer Methods in Applied Mechanics and Engineering},
  author	= {Jagtap, Ameya and Kharazmi, Ehsan and Karniadakis,
		  George},
  year		= {2020},
  pages		= {113028},
  url		= {https://www.sciencedirect.com/science/article/abs/pii/S0045782520302127}
}

@Article{	  Meng2020,
  title		= {{PPINN}: {Parareal} {Physics}-{Informed} {Neural}
		  {Network} for time-dependent {PDEs}},
  volume	= {370},
  issn		= {00457825},
  shorttitle	= {{PPINN}},
  url		= {http://arxiv.org/abs/1909.10145},
  doi		= {10.1016/j.cma.2020.113250},
  urldate	= {2024-04-29},
  journal	= {Computer Methods in Applied Mechanics and Engineering},
  author	= {Meng, Xuhui and Li, Zhen and Zhang, Dongkun and
		  Karniadakis, George Em},
  year		= {2020},
  note		= {arXiv:1909.10145 [physics, stat]},
  keywords	= {Computer Science - Machine Learning, Physics -
		  Computational Physics, Statistics - Machine Learning},
  pages		= {113250}
}

@Article{	  Yang2019,
  title		= {Adversarial {Uncertainty} {Quantification} in
		  {Physics}-{Informed} {Neural} {Networks}},
  volume	= {394},
  issn		= {00219991},
  url		= {http://arxiv.org/abs/1811.04026},
  doi		= {10.1016/j.jcp.2019.05.027},
  urldate	= {2024-04-29},
  journal	= {Journal of Computational Physics},
  author	= {Yang, Yibo and Perdikaris, Paris},
  year		= {2019},
  note		= {arXiv:1811.04026 [physics, stat]},
  keywords	= {35, Computer Science - Machine Learning, Physics -
		  Computational Physics, Statistics - Machine Learning},
  pages		= {136--152}
}

@Article{	  Kim2021,
  title		= {Knowledge {Integration} into deep learning in dynamical
		  systems: an overview and taxonomy},
  volume	= {35},
  shorttitle	= {Knowledge {Integration} into deep learning in dynamical
		  systems},
  doi		= {10.1007/s12206-021-0342-5},
  journal	= {Journal of Mechanical Science and Technology},
  author	= {Kim, Sung and Kim, Iljeok and Lee, Jonghwan and Lee,
		  Seungchul},
  year		= {2021},
  url		= {https://link.springer.com/article/10.1007/s12206-021-0342-5}
}

@Article{	  Cuomo2022,
  title		= {Scientific {Machine} {Learning} {Through}
		  {Physics}–{Informed} {Neural} {Networks}: {Where} we are
		  and {What}’s {Next}},
  volume	= {92},
  issn		= {0885-7474, 1573-7691},
  shorttitle	= {{PINN} review},
  url		= {https://link.springer.com/10.1007/s10915-022-01939-z},
  doi		= {10.1007/s10915-022-01939-z},
  language	= {en},
  number	= {3},
  urldate	= {2023-04-28},
  journal	= {J Sci Comput},
  author	= {Cuomo, Salvatore and Di Cola, Vincenzo Schiano and
		  Giampaolo, Fabio and Rozza, Gianluigi and Raissi, Maziar
		  and Piccialli, Francesco},
  month		= sep,
  year		= {2022},
  pages		= {88}
}

@Article{	  Basdevant1986,
  title		= {Spectral and Finite Difference Solutions of {{Burgers}}
		  Equation},
  author	= {Basdevant, Claude and Deville, Michel and Haldenwang,
		  Pierre and Lacroix, J.M and Ouazzani, Jalil and Peyret,
		  Roger and Orlandi, Paolo and Patera, A.T},
  year		= {1986},
  month		= dec,
  journal	= {Computers \& Fluids},
  volume	= {14},
  pages		= {23--41},
  doi		= {10.1016/0045-7930(86)90036-8},
  url		= {http://www.researchgate.net/publication/222935980_Spectral_and_finite_difference_solutions_of_Burgers_equation},
  urldate	= {2022-11-24},
  abstract	= {Spectral methods (Fourier Galerkin, Fourier
		  pseudospectral, Chebyshev Tau, Chebyshev collocation,
		  spectral element) and standard finite differences are
		  applied to solve the Burgers equation with small viscosity
		  (). This equation admits a (nonsingular) thin internal
		  layer that must be resolved if accurate numerical solutions
		  are to be obtained. From the reported computations, it
		  appears that spectral schemes offer the best accuracy,
		  especially if coordinate transformation or elemental
		  subdivision is used to resolve the regions of large
		  variation of the dependent variable.}
}

@Misc{		  Burkardt2013,
  address	= {Mathematics Department, Ajou University, Suwon, Korea},
  title		= {Investigating {Uncertain} {Parameters} in the {Burgers}
		  {Equation}},
  shorttitle	= {Burgers equation},
  url		= {https://people.sc.fsu.edu/~jburkardt/presentations/burgers_2013_ajou.pdf},
  author	= {Burkardt, John},
  year		= {2013}
}

@Article{	  Chevallier2000,
  title		= {Use of a neural‐network‐based long‐wave
		  radiative‐transfer scheme in the {ECMWF} atmospheric
		  model},
  volume	= {126},
  issn		= {0035-9009, 1477-870X},
  url		= {https://rmets.onlinelibrary.wiley.com/doi/10.1002/qj.49712656318},
  doi		= {10.1002/qj.49712656318},
  language	= {en},
  number	= {563},
  urldate	= {2023-11-26},
  journal	= {Quart J Royal Meteoro Soc},
  author	= {Chevallier, F. and Morcrette, J.‐J. and Chéruy, F. and
		  Scott, N. A.},
  month		= jan,
  year		= {2000},
  note		= {\{06\}},
  keywords	= {Artificial neural networks, General-circulation models,
		  Long-wave radiative transfer},
  pages		= {761--776}
}

@Article{	  Krasnopolsky2006,
  series	= {Selected {Papers} from the {Fourth} {International}
		  {Workshop} on {Environmental} {Applications} of {Machine}
		  {Learning}, {September} 27 - {October} 1, 2004, {Bled},
		  {Slovenia}},
  title		= {A new synergetic paradigm in environmental numerical
		  modeling: {Hybrid} models combining deterministic and
		  machine learning components},
  volume	= {191},
  issn		= {0304-3800},
  shorttitle	= {A new synergetic paradigm in environmental numerical
		  modeling},
  url		= {https://www.sciencedirect.com/science/article/pii/S0304380005003455},
  doi		= {10.1016/j.ecolmodel.2005.08.009},
  number	= {1},
  urldate	= {2023-11-26},
  journal	= {Ecological Modelling},
  author	= {Krasnopolsky, Vladimir M. and Fox-Rabinovitz, Michael S.},
  month		= jan,
  year		= {2006},
  note		= {\{04\}},
  keywords	= {Machine learning, Climate modeling, Complex systems,
		  Environmental modeling, Neural networks},
  pages		= {5--18}
}

@Article{	  Koehrsen2018,
  title		= {Overfitting vs. underfitting: {A} complete example},
  volume	= {405},
  shorttitle	= {Overfitting vs. underfitting},
  url		= {http://www.pstu.ac.bd/files/materials/1566949131.pdf},
  urldate	= {2023-12-05},
  journal	= {Towards Data Science},
  author	= {Koehrsen, Will},
  year		= {2018}
}

@Article{	  Raissi2019,
  title		= {Physics-Informed Neural Networks: {{A}} Deep Learning
		  Framework for Solving Forward and Inverse Problems
		  Involving Nonlinear Partial Differential Equations},
  author	= {Raissi, Maziar and Perdikaris, Paris and Karniadakis,
		  George E},
  year		= {2019},
  journal	= {Journal of Computational physics},
  volume	= {378},
  pages		= {686--707},
  publisher	= {{Elsevier}},
  url		= {https://www.sciencedirect.com/science/article/pii/S0021999118307125},
  urldate	= {2022-10-06}
}

@Article{	  Xu2022,
  title		= {A practical approach to flow field reconstruction with
		  sparse or incomplete data through physics informed neural
		  network},
  volume	= {39},
  doi		= {10.1007/s10409-022-22302-x},
  journal	= {Acta Mechanica Sinica},
  author	= {Xu, Shengfeng and Sun, Zhenxu and Huang, Renfang and
		  Dilong, Guo and Yang, Guowei and Ju, Shengjun},
  month		= nov,
  year		= {2022},
  url		= {https://link.springer.com/article/10.1007/s10409-022-22302-x}
}
